<?xml version="1.0" encoding="UTF-8"?><collection xmlns="http://www.loc.gov/MARC21/slim"><record><leader>00541nam--2200145-i-4500</leader><controlfield tag="001">000023990</controlfield><controlfield tag="002">20161230</controlfield><controlfield tag="005">20161230201035</controlfield><controlfield tag="008">060222s1000------------r-----000-0-eng-d</controlfield><datafield ind1=" " ind2=" " tag="080"><subfield code="a">621.375.826:541.14</subfield></datafield><datafield ind1=" " ind2=" " tag="245"><subfield code="a">Laser photochemistry, tunable lasers and other topics. based on lectures of the june 23 - july 4, 1975, summer school, santa fe, new mexico</subfield></datafield><datafield ind1=" " ind2=" " tag="260"><subfield code="a">London, Addison-wesley Publ., Comp., 1976, Ix + 470 P</subfield></datafield><datafield ind1=" " ind2=" " tag="490"><subfield code="a">Physics Of Quantum Electronics</subfield></datafield><datafield ind1=" " ind2=" " tag="700"><subfield code="a">Jacobs, St.F., Sargent, M., Scully, M.O./S.A.</subfield></datafield><datafield ind1=" " ind2=" " tag="852"><subfield code="a">42857</subfield></datafield></record></collection>